@misc{pauli_letter,
    Author={Wolfgang Pauli},
    Title={Letter to T{\"u}bingen }
}

@article{fermi_beta_decay,
    Author = {Enrico Fermi},
    Date-Added = {2017-12-29},
    Date-Modified = {2017-12-29},
    Journal = {Zeitschrift f{\"u}r Physik},
    Title = {Tentativo di una Teoria Dei Raggi $\beta$ (Trends to a theory of $\beta$ radiation)},
    Year = {1934}
    URL = {test}
}

@article{lederman_muon_flavor,
	Author = {Lastname},
	Date-Added = {2007-09-06 11:28:24 +0200},
	Date-Modified = {2007-09-06 11:29:24 +0200},
	Journal = {Journal of Sth},
	Title = {Title},
	Year = {2007}
}

@article{tau_discovery,
	Author = {Lastname},
	Date-Added = {2007-09-06 11:28:24 +0200},
	Date-Modified = {2007-09-06 11:29:24 +0200},
	Journal = {Journal of Sth},
	Title = {Title},
	Year = {2007}
}
@article{bethe_impossible_to_observe,

}
